@article{Sheng2025,
author = {Sheng, Shawn and \textbf{Pradhan, Omkar} and Goldshmid, Roni and Tanelli, Simone and Cooper, Ken and Emami, Azita},
doi = {},
isbn = {},
month = {},
pages = {},
journal = {In preparation},
publisher = {Institute of Electrical and Electronics Engineers (IEEE)},
title = {{Experimentally Characterizing Atmospheric Turbulence Effects on Millimeter Wave Propagation}},
year = {2025}
}
@article{Pradhan2025,
author = {\textbf{Pradhan, Omkar} and Tanner, Alan and Babenko, Akim and Mohamed, Ahmed and Brown, Shannon and Shah, Niyati and Kangaslahti, Pekka and Bosch-Lluis, Javier and Munoz-Martin, Joan},
doi = {},
isbn = {},
month = {},
pages = {},
journal = {Accepted to IEEE Geosciences and Remote Sensing Letters},
publisher = {Institute of Electrical and Electronics Engineers (IEEE)},
title = {{A Tone-based Flicker Noise Mitigation Technique
for Broadband Digital Microwave Radiometers}},
year = {2025}
}
@INPROCEEDINGS{Pradhan2025ams,
       author = {\textbf{{Pradhan}, Omkar} and {Gambacorta}, Antonia and {Gambini}, Fabrizio and {Stephen}, Mark and {Misra}, Sidharth and {Ogut}, Mehmet and {Vega}, Manuel and {Mohammed}, Priscilla and {Kangaslahti}, Pekka and {Piepmeier}, Jeffrey and {Shahroudi}, Narges},
        title = "{Instrument Architecture of the Advanced Ultra-high Resolution Optical Radiometer (AURORA) Pathfinder}",
    booktitle = {105th Annual AMS Meeting 2025},
         year = 2025,
       series = {American Meteorological Society Meeting Abstracts},
       volume = {105},
        month = jan,
          eid = {457153},
        pages = {457153},
       adsurl = {},
      adsnote = {Provided by the SAO/NASA Astrophysics Data System}
}
@ARTICLE{Pradhan2023,
  author={\textbf{Pradhan, Omkar} and Scally, Lawrence J. and Gasiewski, Albin J. and Gorashi, Ali and Pizio, Dean and Kraft, David},
  journal={IEEE Transactions on Antennas and Propagation}, 
  title={Measurements From an Open-Path Terahertz Transmissometer Designed for Deterministic and Stochastic Propagation Studies}, 
  year={2023},
  volume={71},
  number={10},
  pages={8184-8196},
  keywords={Atmospheric measurements;Resonant frequency;Hardware;Attenuation measurement;Attenuation;Phase measurement;Laser beams;Atmospheric modeling;electromagnetic propagation;submillimeter wave propagation;terahertz communications submillimeter wave communication atmospheric measurements},
  doi={}
}
@ARTICLE{Pradhan2022,
  author={\textbf{Pradhan, Omkar} and Gasiewski, Albin J.},
  journal={IEEE Transactions on Geoscience and Remote Sensing}, 
  title={Endfire Synthetic Aperture Radar for a Cryobot for Exploration of Icy Moons and Terrestrial Glaciers}, 
  year={2022},
  volume={60},
  number={},
  pages={1-14},
  keywords={Synthetic aperture radar;Antennas;Ice;Radar antennas;Moon;Estimation;Trajectory;Antennas;ground penetrating radar;log periodic antennas;radar;remote sensing;synthetic aperture radar (SAR)},
  doi={}
}
@ARTICLE{Fung2024,
  author={Fung, Andy and Kangaslahti, Pekka and Chun, William and Cooperrider, Joelle and Bosch-Lluis, Javier and Munoz-Martin, Joan and Soria, Mary and Hernandez, Erika and Tanner, Alan and \textbf{Pradhan, Omkar} and Deal, Willam and Cooke, Caitlyn and Mei, Gerry and Swanson, Aaron and Nguyen, Khanh},
  journal={IEEE Journal of Microwaves}, 
  title={A 424 and 448 GHz Receiver for Aircraft Contrail Observations}, 
  year={2024},
  volume={4},
  number={4},
  pages={928-933},
  keywords={Mixers;Receivers;Logic gates;Probes;HEMTs;Frequency measurement;Contrails;Power measurement;Indium phosphide;Semiconductor device measurement;Climate change;Microwave measurement;MMICs;Submillimeter wave devices;Spectroradiometers;Low-noise amplifiers;Greenhouse effect;Environmental measurement;Atmospheric measurements;Air traffic control;Frequency multipliers;indium phosphide;low noise amplifiers;microwaves in climate change;mixers;MMICS;spectroradiometers;submillimeter wave circuits},
  doi={}
}


